@misc{oauthtoolkit,
	title = {{Django OAuth Toolkit Documentation}},
	howpublished = "\url{https://django-oauth-toolkit.readthedocs.io/en/latest/}"
}

@misc{OAUTH,
	title = {{OAuth 2.0, the industry-standard protocol for authorization.}},
	howpublished = "\url{https://oauth.net/2/}"
}

@misc{OIDC,
		title = {{OpenID Connect, a simple identity layer on top of the OAuth 2.0 protocol}},
		howpublished = "\url{https://openid.net/connect/}"
}

@misc{LDAP,
	
	title = {{LDAP, the Lightweight Directory Access Protocol.}},
	howpublished = "\url{https://ldap.com/}"
	
}

@misc{Django,
	
	title = {{Django, the high-level Python web framework.}},
	howpublished = "\url{https://www.djangoproject.com/}"
	
	
}

@misc{ldapauth,
	
	title = {{Django Authentication Using LDAP.}},
	howpublished = "\url{https://django-auth-ldap.readthedocs.io/en/latest/}"
	
}

@misc{djangosocial,
	
	title = {{Django social auth documentation.}},
	howpublished = "\url{https://python-social-auth.readthedocs.io/en/latest/configuration/django.html}"
}

