@misc{lipsum,
    title = "Lipsum generator",
    url = "https://www.lipsum.com",
}
